<collection xmlns="http://www.loc.gov/MARC21/slim">
<record>
  <leader>00952nam0a2200205 i 450 </leader>
  <controlfield tag="001">IT\ICCU\CNCE\074859</controlfield>
  <controlfield tag="005">20160322000000.0</controlfield>
  <datafield tag="012" ind1=" " ind2=" ">
    <subfield code="a">moi- sian din- roo. (C) 1559 (Q)</subfield>
    <subfield code="2">fei</subfield>
  </datafield>
  <datafield tag="100" ind1=" " ind2=" ">
    <subfield code="a">20091028f1559        0itac0103    ba</subfield>
  </datafield>
  <datafield tag="101" ind1=" " ind2=" ">
    <subfield code="a">ITA</subfield>
  </datafield>
  <datafield tag="102" ind1=" " ind2=" ">
    <subfield code="a">IT</subfield>
  </datafield>
  <datafield tag="200" ind1="1" ind2=" ">
    <subfield code="a">Ordine, et pompa del sposalitio del sereniss. et catolico re Filippo, con la serenissima regina Isabella primogenita del re Christianiss. di Francia. Col solenne giuramento della pace, &amp; altri particolari auisi</subfield>
  </datafield>
  <datafield tag="210" ind1=" " ind2=" ">
    <subfield code="a">In Bologna</subfield>
    <subfield code="c">per Alessandro Benacio</subfield>
    <subfield code="d">\1559?!</subfield>
  </datafield>
  <datafield tag="215" ind1=" " ind2=" ">
    <subfield code="a">\4! c.</subfield>
    <subfield code="c">ill.; 4ʻ</subfield>
  </datafield>
  <datafield tag="620" ind1=" " ind2=" ">
    <subfield code="a">IT</subfield>
    <subfield code="d">Bologna</subfield>
  </datafield>
  <datafield tag="712" ind1="0" ind2="0">
    <subfield code="a">Benacci, Giovanni Battista &amp; Benacci, Alessandro &amp; Rossi, Giovanni</subfield>
    <subfield code="3">IT\ICCU\CNCT\001774</subfield>
    <subfield code="4">650</subfield>
  </datafield>
  <datafield tag="801" ind1=" " ind2="3">
    <subfield code="a">IT</subfield>
    <subfield code="b">ICCU</subfield>
    <subfield code="c">20201115</subfield>
  </datafield>
  <datafield tag="899" ind1=" " ind2=" ">
    <subfield code="a">Biblioteca universitaria. Bologna</subfield>
    <subfield code="1">BO0098</subfield>
    <subfield code="2">UBO BU</subfield>
  </datafield>
  <datafield tag="911" ind1=" " ind2=" ">
    <subfield code="a">Sul front. e in fine</subfield>
    <subfield code="9">IT\ICCU\CNCM\000278</subfield>
  </datafield>
  <datafield tag="921" ind1=" " ind2=" ">
    <subfield code="a">IT\ICCU\CNCM\000278</subfield>
    <subfield code="b">Corona</subfield>
    <subfield code="c">V6</subfield>
    <subfield code="c">Z379</subfield>
    <subfield code="d">Dimensioni: 8,5 x 4,6</subfield>
    <subfield code="f">CORONA</subfield>
    <subfield code="f">GEMME</subfield>
    <subfield code="g">1558-1600</subfield>
  </datafield>
</record>
</collection>
